<record><leader>00000cas a22000007a 4500</leader><controlfield tag="001">20109604</controlfield><controlfield tag="008">890801d18951931mouwr ne      0    0eng d</controlfield><datafield ind1=" " ind2=" " tag="010"><subfield code="a">sn 89066726 </subfield></datafield><datafield ind1=" " ind2=" " tag="040"><subfield code="a">MQN</subfield><subfield code="b">eng</subfield><subfield code="c">MQN</subfield><subfield code="d">OCLCQ</subfield></datafield><datafield ind1=" " ind2=" " tag="042"><subfield code="a">msc</subfield></datafield><datafield ind1="0" ind2=" " tag="130"><subfield code="a">Tri-county news (Puxico, Mo.)</subfield></datafield><datafield ind1="1" ind2="4" tag="245"><subfield code="a">The tri-county news.</subfield></datafield><datafield ind1="3" ind2="0" tag="246"><subfield code="a">Robt. B. Turner's the tri-county news</subfield></datafield><datafield ind1=" " ind2=" " tag="260"><subfield code="a">Puxico, Mo. :</subfield><subfield code="b">Robert B. Turner,</subfield><subfield code="c">-1931.</subfield></datafield><datafield ind1=" " ind2=" " tag="300"><subfield code="a">v.</subfield></datafield><datafield ind1=" " ind2=" " tag="310"><subfield code="a">Weekly</subfield></datafield><datafield ind1="1" ind2=" " tag="362"><subfield code="a">Began in 1895?</subfield></datafield><datafield ind1="0" ind2=" " tag="362"><subfield code="a">-v. 37, no. 29 (Sept. 4, 1931).</subfield></datafield><datafield ind1=" " ind2=" " tag="500"><subfield code="a">Published as: Robt. B. Turner's the tri-county news, July 2, 1931-&lt;Aug. 6, 1931&gt;.</subfield></datafield><datafield ind1=" " ind2=" " tag="588"><subfield code="a">Description based on: Vol. 35, no. 28 (Aug. 14, 1930).</subfield></datafield><datafield ind1="1" ind2=" " tag="700"><subfield code="a">Turner, Robt. B.</subfield><subfield code="q">(Robert B)</subfield></datafield><datafield ind1=" " ind2=" " tag="752"><subfield code="a">United States</subfield><subfield code="b">Missouri</subfield><subfield code="c">Stoddard</subfield><subfield code="d">Puxico.</subfield></datafield><datafield ind1="0" ind2="5" tag="780"><subfield code="t">Puxico herald</subfield><subfield code="w">(DLC)sn 89066725</subfield></datafield><datafield ind1="0" ind2="4" tag="785"><subfield code="t">Robt. B. Turner's Madison County press</subfield><subfield code="w">(DLC)sn 89066714</subfield></datafield></record>